%% This BibTeX bibliography file was created using BibDesk.
%% http://bibdesk.sourceforge.net/


@book{bollobas-graph-theory:,
	author = {B{\'e}la Bollob{\'a}s},
	publisher = {Springer},
	title = {Graph Theory: An Introductory Course},
	year = {1979}}
